@preamble{"\DeclareRobustCommand{\firstsecond}[2]{#2}"}

@article{kalai.2019,
Author = {Christophe Jaffrelot and A Kalaiyarasan },
Title = {On Socio-Economic Indicators, Muslim Youth fare worse than SCs and OBCs},
Journal = {Indian Express},
Year = {2019},
Month = {November},
URL = {https://indianexpress.com/article/opinion/columns/muslim-community-youth-india-marginalisation-6096881/}}

@article{mishra.2015,
Author = {Leena Mishra},
Title = {Temple Rerun: Tracing Ram Rath Yatra, 25 years later},
Journal = {Indian Express},
Year = {2015},
Month = {September},
URL = {https://indianexpress.com/article/opinion/columns/muslim-community-youth-india-marginalisation-6096881/}}

@article{asher.2018,
Author = {Sam Asher and Paul Novosad and Charlie Rafkin},
Title = {Intergenerational Mobility in India: Estimates from New Methods and Administrative Data},
Journal = {Working Paper},
Year = {2018},
Month = {September},
URL = {http://www.dartmouth.edu/~novosad/anr-india-mobility.pdf}}

@article{adukia.2018,
Author = {Anjali Adukia and Sam Asher and Paul Novosad and Brandon Tan},
Title = {Residential Segregation in Urban India},
Journal = {Working Paper},
Year = {2019},
Month = {September},
URL = {https://www.isid.ac.in/~epu/acegd2019/papers/SamAsher.pdf}}

@article{reuters.2017,
Author = {Rina Chandran},
Title = {Fifteen years after bloody riots, Indian Muslims struggling to escape Gujarat ghettos},
Journal = {Reuters},
Year = {2017},
Month = {July},
URL = {https://www.reuters.com/article/us-india-property-religion/fifteen-years-after-bloody-riots-indian-muslims-struggling-to-escape-gujarat-ghettos-idUSKBN1A91OA}}

@article{blakeslee.2018,
Author = {David Blakeslee},
Title = {The \textit{Rath Yatra} Effect: Hindu Nationalist Propaganda and the Rise of the BJP},
Journal = {Working Paper},
Year = {2018},
Month = {June},
URL = {http://www.davidsblakeslee.net/uploads/1/1/4/4/114438143/blakeslee_hindu_nationalist_propaganda_and_the_bjp__2018_.pdf}}

@article{chetty2014land,
  title={Where is the land of opportunity? The geography of intergenerational mobility in the United States},
  author={Chetty, Raj and Hendren, Nathaniel and Kline, Patrick and Saez, Emmanuel},
  journal={The Quarterly Journal of Economics},
  volume={129},
  number={4},
  pages={1553--1623},
  year={2014},
  publisher={Oxford University Press}
}

@article{massey.2018,
Author = {Douglas S Massey},
Title = {American Apartheid: Segregation and the Making of the American Underclass},
Journal = {American Journal of Sociology},
Year = {1990},
Month = {},
Volume = {96(2)},
Pages = {329-357},
URL = {}}

@unpublished{almn2019,
  author = {Asher, Sam and Lunt, Tobias and Matsuura, Ryu and Novosad, Paul},
  note = {Working paper},
  title = {{The Socioeconomic High-resolution Rural-Urban Geographic Dataset on India (SHRUG)}},
  year = {2019}
}

@misc{ec.2013,
  author = {{\firstsecond{MoSPI}{Ministry of Statistics and Program Implementation (Government of India)}}},
  title = {Sixth Economic Census},
  year = {2013}
}

@misc{td.2011,
  author = {{\firstsecond{MoSPI}{Ministry of Statistics and Program Implementation (Government of India)}}},
  title = {Town Directory, Population Census},
  year = {2011}
}

@inproceedings{sethi2010group,
  title={Group Identity and Social Mobility in India},
  author={Sethi, Rajiv and Somanathan, Rohini},
  booktitle={Conference on Social Policy in India, University of Warwick, July},
  pages={2--3},
  year={2010},
  organization={Citeseer}
}

@misc{eus.1988,
  author = {{\firstsecond{NSSO}{National Sample Survey Organization, Ministry of Statistics and Program Implementation (Government of India)}}},
  title = {Employment and Unemployment Survey: NSS 43rd Round, Schedule 10, July 1987 - June 1988},
  year = {1988}
}

@misc{eus.2012,
  author = {{\firstsecond{NSSO}{National Sample Survey Organization, Ministry of Statistics and Program Implementation (Government of India)}}},
  title = {Employment and Unemployment : NSS 68th round, Schedule 10, July 2011- June 2012},
  year = {2012}
}

@misc{secc.2011,
  author = {{\firstsecond{MRD and MHUPA}{Ministry of Rural Development and Ministry of Housing and Urban Poverty Alleviation}}},
  title = {Socio-economic and Caste Census},
  year = {2011}
}

@misc{sedac,
    author= {{\firstsecond{SEDAC}{NASA Socioeconomic Data and Applications Center, Center for International Earth Science Information Network}}},
    title= {Global Rural-Urban Mapping Project, version 1},
    year={2011},
    url={http://sedac.ciesin.columbia.edu/data/collection/grump-v1.}} 
    
@misc{cpi_iw,
    author = {{{Reserve Bank of India}}},
    title = {Handbook of Statistics on Indian Economy, Consumer Price Index- Annual Average},
    year = {2018},
    url = {https://m.rbi.org.in/scripts/PublicationsView.aspx?id=18503}}     

@article{vw.2006,
    author={Varshney, Ashutosh, and Wilkinson, Steven},
    title = {Varshney-Wilkinson Dataset on Hindu-Muslim Violence in India, 1950-1995, Version 2},
    journal ={Ann Arbor, MI: Inter-university Consortium for Political and Social Research}, year={2006},
    url={https://doi.org/10.3886/ICPSR04342.v1}}
    
@article{mitra.2014,
    author={Mitra, Anirban, and Ray, Debraj},
    title={Implications of an Economic Theory of Conflict: Hindu-Muslim Violence in India},
    journal={ Journal of Political Economy},
    Volume={122,  4},
    Month={August},
    Year={2014},
    pages={719-765}}    
    
@article{chetty2018impacts,
  title={The impacts of neighborhoods on intergenerational mobility I: Childhood exposure effects},
  author={Chetty, Raj and Hendren, Nathaniel},
  journal={The Quarterly Journal of Economics},
  volume={133},
  number={3},
  pages={1107--1162},
  year={2018},
  publisher={Oxford University Press}
}

@book{jaffrelot2012muslims,
  title={Muslims in Indian cities: Trajectories of marginalisation},
  author={Jaffrelot, Christophe and Gayer, Laurent},
  year={2012},
  publisher={Columbia University Press}
}

@article{susewind2017muslims,
  title={Muslims in Indian cities: Degrees of segregation and the elusive ghetto},
  author={Susewind, Raphael},
  journal={Environment and Planning A},
  volume={49},
  number={6},
  pages={1286--1307},
  year={2017},
  publisher={SAGE Publications Sage UK: London, England}
}

@article{gopal1990political,
  title={The political abuse of history: Babri Masjid-Rama Janmabhumi dispute},
  author={Gopal, Sarvepalli and Thapar, Romila and Chandra, Bipan and Bhattacharya, Sabyasachi and Jaiswal, Suvira and Mukhia, Harbans and Panikkar, KN and Champakalakshmi, R and Saberwal, Satish and Chattopadhyaya, BD and others},
  journal={Social scientist},
  pages={76--81},
  year={1990},
  publisher={JSTOR}
}

@book{jaffrelot2010religion,
  title={Religion, caste, and politics in India},
  author={Jaffrelot, Christophe},
  year={2010},
  publisher={Primus Books}
}

@article{engineer1991bloody,
  title={The bloody trail: Ramjanmabhoomi and communal violence in UP},
  author={Engineer, Asghar Ali},
  journal={Economic and Political Weekly},
  pages={155--159},
  year={1991},
  publisher={JSTOR}
}

@article{bharathi2018isolated,
  title={Isolated by caste: Neighbourhood-scale residential segregation in Indian metros},
  author={Bharathi, Naveen and Malghan, Deepak V and Rahman, Andaleeb},
  journal={IIM Bangalore Research Paper},
  number={572},
  year={2018}
}

@article{iyer2015religious,
  title={Religious riots and electoral politics in India},
  author={Iyer, Sriya and Shrivastava, Anand},
  year={2015},
  publisher={IZA Discussion Paper}
}

@article{field2008segregation,
  title={Segregation, rent control, and riots: The economics of religious conflict in an Indian city},
  author={Field, Erica and Levinson, Matthew and Pande, Rohini and Visaria, Sujata},
  journal={American Economic Review},
  volume={98},
  number={2},
  pages={505--10},
  year={2008}
}

@article{gandhi2019delhimuslims,
author = {Ajay Gandhi},
title = {The constrained circumference of Delhi Muslims},
journal = {Contemporary South Asia},
volume = {27},
number = {2},
pages = {297-299},
year  = {2019},
publisher = {Routledge},
doi = {10.1080/09584935.2019.1613288},
URL = { 
        https://doi.org/10.1080/09584935.2019.1613288
},
eprint = { 
        https://doi.org/10.1080/09584935.2019.1613288
}
}

@article{ramjanmabhoomi,
author = {Rashid, Omar and Venkataraman, K.},
title={When did the dispute over Ram Janmabhoomi start, and why did it take so long for a resolution?},
journal={The Hindu},
year= {2019},
URL = {https://www.thehindu.com/news/national/when-did-the-dispute-over-ram-janmabhoomi-start-and-why-did-it-take-so-long-for-a-resolution/article29933375.ece},}

@article{hirano2004propensity,
  title={The propensity score with continuous treatments},
  author={Hirano, Keisuke and Imbens, Guido W},
  journal={Applied Bayesian modeling and causal inference from incomplete-data perspectives},
  volume={226164},
  pages={73--84},
  year={2004}
}

@article{bhalotra2010puzzle,
  title={The puzzle of Muslim advantage in child survival in India},
  author={Bhalotra, Sonia and Valente, Christine and Van Soest, Arthur},
  journal={Journal of Health Economics},
  volume={29},
  number={2},
  pages={191--204},
  year={2010},
  publisher={Elsevier}
}

@article{geruso2018neighborhood,
  title={Neighborhood sanitation and infant mortality},
  author={Geruso, Michael and Spears, Dean},
  journal={American Economic Journal: Applied Economics},
  volume={10},
  number={2},
  pages={125--62},
  year={2018}
}

@book{prasad2006wards,
  title={Urban Local Self-government in India},
  author={Prasad, RN},
  year={2006},
  publisher = {Mittal Publications}
}

@book{mitul2020bjp,
  title={Essays on Electoral Democracy and Development},
  author={Mitul, Surana},
  year={2020},
  publisher = {IIMA Institutional Repository, Thesis and Dissertations},
  url = {http://vslir.iima.ac.in:8080/xmlui/handle/11718/23142}
}

@article{ghosh1997changing,
  title={The changing status of women in India},
  author={Ghosh, Rabindra Nath and Roy, KC},
  journal={International Journal of Social Economics},
  year={1997},
  publisher={MCB UP Ltd}
}

@article{kinnvall2019populism,
  title={Populism, ontological insecurity and Hindutva: Modi and the masculinization of Indian politics},
  author={Kinnvall, Catarina},
  journal={Cambridge Review of International Affairs},
  volume={32},
  number={3},
  pages={283--302},
  year={2019},
  publisher={Taylor \& Francis}
}

@techreport{alesina2020religion,
  title={Religion and Educational Mobility in Africa},
  author={Alesina, Alberto and Hohmann, Sebastian and Michalopoulos, Stelios and Papaioannou, Elias},
  year={2020},
  institution={National Bureau of Economic Research}
}

@article{alesina2016ethnic,
  title={Ethnic inequality},
  author={Alesina, Alberto and Michalopoulos, Stelios and Papaioannou, Elias},
  journal={Journal of Political Economy},
  volume={124},
  number={2},
  pages={428--488},
  year={2016},
  publisher={University of Chicago Press Chicago, IL}
}

@article{esteban2011linking,
  title={Linking conflict to inequality and polarization},
  author={Esteban, Joan and Ray, Debraj},
  journal={American Economic Review},
  volume={101},
  number={4},
  pages={1345--74},
  year={2011}
}

@misc{robins2000marginal,
  title={Marginal structural models and causal inference in epidemiology},
  author={Robins, James M and Hernan, Miguel Angel and Brumback, Babette},
  year={2000},
  publisher={LWW}
}

@article{huber2016ethnic,
  title={Ethnic Inequality and the Ethnification of Political Parties Evidence from India},
  author={Huber, John D and Suryanarayan, Pavithra},
  journal={World Pol.},
  volume={68},
  pages={149},
  year={2016},
  publisher={HeinOnline}
}

@techreport{somanathan2009mapping,
  title={Mapping Indian Districts Across Census Years, 1971-2001},
  author={Somanathan, Rohini and Kumar, Hemanshu},
  year={2009}
}

@article{greenstone2014environmental,
  title={Environmental regulations, air and water pollution, and infant mortality in India},
  author={Greenstone, Michael and Hanna, Rema},
  journal={American Economic Review},
  volume={104},
  number={10},
  pages={3038--72},
  year={2014}
}

@article{harari2020cities,
  title={Cities in bad shape: Urban geometry in India},
  author={Harari, Mariaflavia},
  journal={American Economic Review},
  volume={110},
  number={8},
  pages={2377--2421},
  year={2020}
}

@misc{robins2000marginal,
  title={Marginal structural models and causal inference in epidemiology},
  author={Robins, James M and Hernan, Miguel Angel and Brumback, Babette},
  year={2000},
  publisher={LWW}
}

@article{lalu,
  title={Why and How I Arrested LK Advani},
  author={Yadav, Lalu},
  journal={NDTV},
  month = {December},
  year={2017},
  url = {https://www.ndtv.com/blog/lalu-yadav-on-why-and-how-he-arrested-lk-advani-on-october-23-1990-1784734}
}

@article{balagopal1990anti,
  title={This anti-Mandal mania},
  author={Balagopal, K},
  journal={Economic and political weekly},
  pages={2231--2234},
  year={1990},
  publisher={JSTOR}
}

@article{pathak1989shahbano,
  title={Shahbano},
  author={Pathak, Zakia and Rajan, Rajeswari Sunder},
  journal={Signs: Journal of Women in Culture and Society},
  volume={14},
  number={3},
  pages={558--582},
  year={1989},
  publisher={University of Chicago Press}
}

@article{abdulkadirouglu2014elite,
  title={The elite illusion: Achievement effects at Boston and New York exam schools},
  author={Abdulkadiro{\u{g}}lu, Atila and Angrist, Joshua and Pathak, Parag},
  journal={Econometrica},
  volume={82},
  number={1},
  pages={137--196},
  year={2014},
  publisher={Wiley Online Library}
}

@article{farooqui2020political,
  title={Political representation of a minority: Muslim representation in contemporary India},
  author={Farooqui, Adnan},
  journal={India Review},
  volume={19},
  number={2},
  pages={153--175},
  year={2020},
  publisher={Taylor \& Francis}
}

@article{vaishnav2019bjp,
  title={The BJP in Power: Indian Democracy and Religious Nationalism},
  author={Vaishnav, Milan},
  journal={Washington, DC: Carnegie Endowment for International Peace. Retrieved from https://carnegieendowment. org/files/BJP\_In\_Power\_final. pdf accessed June},
  volume={18},
  pages={2020},
  year={2019}
}

@article{basant2012education,
  title={Education and employment among Muslims in India: An analysis of patterns and trends},
  author={Basant, Rakesh},
  year={2012}
}

@article{granovetter1973strength,
  title={The strength of weak ties},
  author={Granovetter, Mark S},
  journal={American journal of sociology},
  volume={78},
  number={6},
  pages={1360--1380},
  year={1973},
  publisher={University of Chicago Press}
}

@article{alam2010social,
  title={Social exclusion of Muslims in India and deficient debates about affirmative action: Suggestions for a new approach},
  author={Alam, Mohd Sanjeer},
  journal={South Asia Research},
  volume={30},
  number={1},
  pages={43--65},
  year={2010},
  publisher={SAGE Publications Sage India: New Delhi, India}
}

@article{meyersson2014islamic,
  title={Islamic Rule and the Empowerment of the Poor and Pious},
  author={Meyersson, Erik},
  journal={Econometrica},
  volume={82},
  number={1},
  pages={229--269},
  year={2014},
  publisher={Wiley Online Library}
}